@book{franklin,
  Author = {Gene F. Franklin and J. David Powell and Abbas Emami-Naeini},
  Title = {Feedback Control of Dynamic Systems (7th Edition)},
  Publisher = {Pearson},
  Year = {2014},
  ISBN = {0133496597},
}

@book{lay,
  Author = {David C. Lay and Steven R. Lay and Judi J. McDonald},
  Title = {Linear Algebra and Its Applications (5th Edition)},
  Publisher = {Pearson},
  Year = {2015},
  ISBN = {978-0321982384},
}

@Inbook{Powers2015,
author="Powers, Caitlin and Mellinger, Daniel and Kumar, Vijay",
editor="Valavanis, Kimon P. and Vachtsevanos, George J.",
title="Quadrotor Kinematics and Dynamics",
bookTitle="Handbook of Unmanned Aerial Vehicles",
year="2015",
publisher="Springer Netherlands",
address="Dordrecht",
pages="307--328",
isbn="978-90-481-9707-1",
doi="10.1007/978-90-481-9707-1_71",
url="https://doi.org/10.1007/978-90-481-9707-1_71"
}

@online{quadcopterproject,
    author={The Mathworks},
    title={Quadcopter Project},
    url={https://au.mathworks.com/help/aeroblks/quadcopter-project.html},
    year={2020},
}

@article{refdes,
    author={Colm Slattery and Mariah Nie},
    title={A Reference Design for High-Performance, Low-Cost Weigh Scales},
    journal={Analog Dialogue},
    year=2005,
    month=12,
    volume=39,
    number=12,    
}

@online{loadcells,
    author={Kyowa},
    title={Load Cells (Load Transducers)},
    url={https://www.kyowa-ei.com/eng/technical/sensors/loadcells.html},
    year={2020},
}

@online{psdestimates,
    author={The Mathworks},
    title={Power Spectral Density Estimates Using FFT},
    url={https://www.mathworks.com/help/signal/ug/power-spectral-density-estimates-using-fft.html},
    year={2020},
}

@online{wikiwhite,
    author={Wikipedia.org},
    title={White Noise},
    url={https://en.wikipedia.org/wiki/White_noise},
    year={2020},
}

@online{wikipsd,
    author={Wikipedia.org},
    title={Spectral Density. Power Spectral Density},
    url={https://en.wikipedia.org/wiki/Spectral_density#Power_spectral_density},
    year={2020},
}

@book{kuo2013,
    author={Kuo, Sen M. and Lee, Bob H. and Tian, Wenshun},    
    title={Real-Time Digital Signal Processing},
    subtitle={Fundamentals, Implementations and Applications},
    edition={3},
    publisher={Wiley},
    year={2013},
}

@book{lyons,
    author={Richard G. Lyons},
    title={Understanding Digital Signal Processing},
    edition={3},
    publisher={Prentice Hall},
    year={2010},
}

@book{notesamling,
    author={Steen Andersen and Peder Ostergaard and Steen Lund-Thomsen},
    title={Notesamling til HA og HD Statistik},
    edition={H278},
    publisher={Institut for Marketing, Informatik og Statistik, Aarhus School of Business},
    year={2004},
}